@Book{xie2015dynamic,
  title = {Dynamic Documents with {R} and knitr},
  author = {Yihui Xie},
  publisher = {Chapman and Hall/CRC},
  address =	{Boca Raton, Florida},
  year = 2015,
  edition = {2nd},
  note = {ISBN 978-1498716963},
  url =	{http://yihui.name/knitr/},
}

@article{srinath2017python,
  title = {Python--the fastest growing programming language},
  author = {Srinath, KR},
  journal = {International Research Journal of Engineering and       Technology},
  volume = {4},
  number = {12},
  pages = {354--357},
  year = {2017}
}

@article{who2017water,
    author = {WHO},
    title = {Progress on drinking-water, sanitation and hygiene: 2017 update and SDG baselines},
    journal = {World Health Organization},
    year = {2017},
    url = {https://www.who.int/publications/i/item/9789241512893}
}

@article{teitelbaum2021linreg,
    author = {Jeremy Teitlebaum},
    title = {Lab for Linear Regression},
    journal = {},
    year = {2021},
    url = {}
}

@online{pythonr2,
  author = {Ask Python},
  title = {Coefficient of Determination – R squared value in Python},
  year = 2022,
  url = {https://www.askpython.com/python/coefficient-of-determination},
  urldate = {2022-11-10}
}

@online{kaggleassumptions,
  author = {Shruti Iyyer},
  title = {Step by Step Assumptions - Linear Regression},
  year = 2020,
  url = {https://www.kaggle.com/code/shrutimechlearn/step-by-step-assumptions-linear-regression/notebook},
  urldate = {2022-11-11}
}

@online{statologyresiduals,
  author = {Zach},
  title = {How to Calculate Studentized Residuals in Python},
  year = 2020,
  url = {https://www.statology.org/studentized-residuals-in-python/},
  urldate = {2022-11-09}
}

@article{ritchieroser2019water,
    author = {Hannah Ritchie and Max Roser},
    title = {Clean Water and Sanitation},
    journal = {Our World in Data},
    year = {2021},
    url = {https://ourworldindata.org/clean-water-sanitation}
}

@article{angelakis2021quality,
    author = {Andreas Angelakis and Heikki S. Vuorinen and            Christos Nikolaidis and Petri S. Juuti and Tapio S.         Katko and Riikka P. Juuti and Jim Zhang and George          Samonis}, 
    title = {Water Quality and Life Expectancy:
        Parallel Courses in Time},
    journal = {Water},
    year = {2021},
    volume = {13},
    number = {752}, 
    url = {https://doi.org/10.3390/w13060752}
}

@article{popkin2010waterhealth, 
    author = {Barry M. Popkin and Kristen E. D'Anci and Irwin H.     Rosenberg},
    title = {Water, Hydration, and Health}, 
    journal = {Nutrition Reviews}, 
    year = {2010}, 
    volume = {68}, 
    number = {8}, 
    pages = {439-458},
    url = {https://doi.org/10.1111/j.1753-4887.2010.00304.x}
}

@Book{james2021statisticallearning,
    title = {An Introduction to Statistical Learning with           Applications in R},
    author = {Gareth James and Daniela Witten and Trevor            Hastie and Robert Tibshirani},
    publisher =	{Springer Science + Business Media, LLC},
    address = {Springer New York, New York},
    year = {2021},
    edition = {2nd},
    note = {ISBN 978-1-0716-1417-4},
    url = {https://doi.org/10.1007/978-1-0716-1418-1},
}

@article{wolf2014sanitationondisease, 
    author = {Jennyfer Wolf and Annette Prüss-Ustün and Oliver Cumming and Jamie Bartram and Sophie Bonjour and Sandy Cairncross and Thomas Clasen and John M. Colford Jr and Valerie Curtis and Jennifer De France and Lorna Fewtrell and Matthew C. Freeman and Bruce Gordon and Paul R. Hunter and Aurelie Jeandron and Richard B. Johnston and Daniel Mäusezahl and Colin Mathers and Maria Neira and Julian P. T. Higgins},
    title = {Systematic review: Assessing the impact of drinking water and sanitation on diarrhoeal disease in low- and middle-income settings: systematic review and meta-regression}, 
    journal = {Tropical Medicine and International Health}, 
    year = {2014}, 
    volume = {19}, 
    number = {8}, 
    pages = {928-942},
    url = {https://doi.org/10.1111/tmi.12331}
}

@article{2020mappinggeo, 
    author = {Local Burden of Disease WaSH Collaborators},
    title = {Mapping geographical inequalities in access to drinking water and sanitation facilities in low-income and middle-income countries, 2000–17}, 
    journal = {The Lancet Global Health}, 
    year = {2020}, 
    volume = {8}, 
    number = {9}, 
    pages = {E1162-E1185},
    url = {https://doi.org/10.1016/S2214-109X(20)30278-3}
}

@article{2018waterandhealth, 
    author = {A. Cassivi and R. Johnston and E. O. D. Waygood and C. C. Dorea},
    title = {Access to drinking water: time matters}, 
    journal = {Journal of Water and Health}, 
    year = {2018}, 
    volume = {16}, 
    number = {4}, 
    pages = {661-666},
    url = {https://doi.org/10.2166/wh.2018.009}
}

@article{2018nattrends, 
    author = {Maura Allaire and Haowei Wu and Upmanu Lall},
    title = {National trends in drinking water quality violations}, 
    journal = {Proceedings of the National Academy of Sciences of the United States of America}, 
    year = {2018}, 
    volume = {115}, 
    number = {9}, 
    pages = {2078-2083},
    url = {https://doi.org/10.1073/pnas.1719805115}
}

@article{yale2021stress, 
    author = {Zachary M. Harvanek and Nia Fogelman and Ke Xu and Rajita Sinha},
    title = {Psychological and biological resilience modulates the effects of stress on epigenetic aging}, 
    journal = {Translational Psychology}, 
    year = {2021}, 
    volume = {11}, 
    number = {601}, 
    url = {
https://doi.org/10.1038/s41398-021-01735-7}
}

@online{twd2022glossary,
  author = {The World Bank},
  title = {Metadata Glossary},
  year = 2022,
  url = {https://databank.worldbank.org/metadataglossary/health-nutrition-and-population-statistics/series/SH.H2O.BASW.ZS#:~:text=WHO%2FUNICEF%20defines%20a%20basic,and%20packaged%20or%20delivered%20water.},
  urldate = {2022-12-05}
}

@online{dataset,
  author = {Kaggle},
  title = {World Health Statistics 2020|Complete|Geo-Analysis},
  year = 2022,
  url = {https://www.kaggle.com/datasets/utkarshxy/who-worldhealth-statistics-2020-complete},
  urldate = {2022-10-05}
}